%YAML 1.1
%TAG !u! tag:unity3d.com,2011:
--- !u!1 &121986
GameObject:
  m_ObjectHideFlags: 0
  m_PrefabParentObject: {fileID: 0}
  m_PrefabInternal: {fileID: 100100000}
  serializedVersion: 4
  m_Component:
  - 4: {fileID: 446718}
  - 114: {fileID: 11449374}
  - 114: {fileID: 11476030}
  m_Layer: 0
  m_Name: GameMAnager
  m_TagString: Untagged
  m_Icon: {fileID: 0}
  m_NavMeshLayer: 0
  m_StaticEditorFlags: 0
  m_IsActive: 1
--- !u!4 &446718
Transform:
  m_ObjectHideFlags: 1
  m_PrefabParentObject: {fileID: 0}
  m_PrefabInternal: {fileID: 100100000}
  m_GameObject: {fileID: 121986}
  m_LocalRotation: {x: 0, y: 0, z: 0, w: 1}
  m_LocalPosition: {x: 0, y: 0, z: 0}
  m_LocalScale: {x: 1, y: 1, z: 1}
  m_Children: []
  m_Father: {fileID: 0}
  m_RootOrder: 0
--- !u!114 &11449374
MonoBehaviour:
  m_ObjectHideFlags: 1
  m_PrefabParentObject: {fileID: 0}
  m_PrefabInternal: {fileID: 100100000}
  m_GameObject: {fileID: 121986}
  m_Enabled: 1
  m_EditorHideFlags: 0
  m_Script: {fileID: 11500000, guid: 0e689c211a54b164eb2028974f43e00b, type: 3}
  m_Name: 
  m_EditorClassIdentifier: 
  m_level: {fileID: 0}
  m_playerPrefab: {fileID: 11453186, guid: ea0055a5c5b94db42bd1771f9d0fc0e9, type: 2}
  m_ballPrefab: {fileID: 11470758, guid: 37e5374d6a12a474989dce1222256bb6, type: 2}
  m_cameraFollow: {fileID: 0}
  m_infoText: {fileID: 0}
  m_info: {r: .713235259, g: .713235259, b: .713235259, a: 1}
  m_team0: {r: 1, g: .931034446, b: 0, a: 1}
  m_team1: {r: .903448105, g: 0, b: 1, a: 1}
  m_mat0: {fileID: 2100000, guid: 6ad191c31ea0feb40aa7884ea4e070da, type: 2}
  m_mat1: {fileID: 2100000, guid: c345ac3547a46214f815ec7ea8566409, type: 2}
  m_numBalls: 1
  m_winTime: 5
  m_scoreSound: {fileID: 8300000, guid: 87e021914d545c94197dfff63a273809, type: 3}
--- !u!114 &11476030
MonoBehaviour:
  m_ObjectHideFlags: 1
  m_PrefabParentObject: {fileID: 0}
  m_PrefabInternal: {fileID: 100100000}
  m_GameObject: {fileID: 121986}
  m_Enabled: 1
  m_EditorHideFlags: 0
  m_Script: {fileID: 11500000, guid: 1fdb80fb8f04dc44a97cfd3942edba8f, type: 3}
  m_Name: 
  m_EditorClassIdentifier: 
  m_defaultControllerDefinitionData: {fileID: 4900000, guid: 6176e2b239d321942bc9b40d6c0a4010,
    type: 3}
  m_controllerDefinitionData: []
--- !u!1001 &100100000
Prefab:
  m_ObjectHideFlags: 1
  serializedVersion: 2
  m_Modification:
    m_TransformParent: {fileID: 0}
    m_Modifications: []
    m_RemovedComponents: []
  m_ParentPrefab: {fileID: 0}
  m_RootGameObject: {fileID: 121986}
  m_IsPrefabParent: 1
